@misc{Sch2019LecturesCM,
  author       = {Peter Scholze},
  title        = {Lectures on Condensed Mathematics},
  year         = {2019},
  howpublished = {\url{https://www.math.uni-bonn.de/people/scholze/Condensed.pdf}}
}

@misc{Sch2020MasterClass,
  author       = {Dustin Clausen and Peter Scholze},
  title        = {Masterclass in Condensed Mathematics},
  year         = {2020},
  month        = {November},
  howpublished = {\url{https://www.math.ku.dk/english/calendar/events/condensed-mathematics/}}
}

@misc{Tu2022IntroductionSC,
  title         = {Introduction to Sheaf Cohomology},
  author        = {Loring W. Tu},
  year          = {2022},
  eprint        = {2206.07512},
  archiveprefix = {arXiv},
  primaryclass  = {math.AT}
}

@misc{stacks-project,
  author       = {The {Stacks Project Authors}},
  title        = {The Stacks Project},
  howpublished = {\url{https://stacks.math.columbia.edu/}},
  year         = {2023}
}

@misc{Apa2021condensed,
  title         = {Condensed Mathematics: The internal Hom of condensed sets and condensed abelian groups and a prismatic construction of the real numbers},
  author        = {Rodrigo Marlasca Aparicio},
  year          = {2021},
  eprint        = {2109.07816},
  archiveprefix = {arXiv},
  primaryclass  = {math.GN}
}